
@article{black_highway_1991,
	title = {Highway accidents: a spatial and temporal analysis},
	volume = {1318},
	journal = {Transportation Research Record},
	author = {Black, William R},
	year = {1991},
	pages = {75--82},
}

@article{xie_kernel_2008,
	title = {Kernel density estimation of traffic accidents in a network space},
	volume = {32},
	number = {5},
	journal = {Computers, environment and urban systems},
	author = {Xie, Zhixiao and Yan, Jun},
	year = {2008},
	note = {Publisher: Elsevier},
	pages = {396--406},
}

@inproceedings{perrot_large_2015,
	title = {Large interactive visualization of density functions on big data infrastructure},
	booktitle = {2015 {IEEE} 5th {Symposium} on large {Data} {Analysis} and {Visualization} ({lDAV})},
	publisher = {IEEE},
	author = {Perrot, Alexandre and Bourqui, Romain and Hanusse, Nicolas and Lalanne, Frédéric and Auber, David},
	year = {2015},
	pages = {99--106},
}

@inproceedings{gray_nonparametric_2003,
	title = {Nonparametric density estimation: {Toward} computational tractability},
	booktitle = {Proceedings of the 2003 {SIAM} {International} {Conference} on {Data} {Mining}},
	publisher = {SIAM},
	author = {Gray, Alexander G and Moore, Andrew W},
	year = {2003},
	pages = {203--211},
}

@book{gramacki_nonparametric_2018,
	title = {Nonparametric kernel density estimation and its computational aspects},
	volume = {37},
	publisher = {Springer},
	author = {Gramacki, Artur},
	year = {2018},
}

@inproceedings{gan_scalable_2017,
	title = {Scalable kernel density classification via threshold-based pruning},
	booktitle = {Proceedings of the 2017 {ACM} {International} {Conference} on {Management} of {Data}},
	author = {Gan, Edward and Bailis, Peter},
	year = {2017},
	pages = {945--959},
}

@article{plug_spatial_2011,
	title = {Spatial and temporal visualisation techniques for crash analysis},
	volume = {43},
	number = {6},
	journal = {Accident Analysis \& Prevention},
	author = {Plug, Charlotte and Xia, Jianhong Cecilia and Caulfield, Craig},
	year = {2011},
	note = {Publisher: Elsevier},
	pages = {1937--1946},
}

@article{nakaya_visualising_2010,
	title = {Visualising crime clusters in a space-time cube: {An} exploratory data-analysis approach using space-time kernel density estimation and scan statistics},
	volume = {14},
	number = {3},
	journal = {Transactions in GIS},
	author = {Nakaya, Tomoki and Yano, Keiji},
	year = {2010},
	note = {Publisher: Wiley Online Library},
	pages = {223--239},
}

@article{brunsdon_visualising_2007,
	title = {Visualising space and time in crime patterns: {A} comparison of methods},
	volume = {31},
	number = {1},
	journal = {Computers, environment and urban systems},
	author = {Brunsdon, Chris and Corcoran, Jonathan and Higgs, Gary},
	year = {2007},
	note = {Publisher: Elsevier},
	pages = {52--75},
}

@article{chan_safe_2021,
	title = {{SAFE}: a share-and-aggregate bandwidth exploration framework for kernel density visualization},
	volume = {15},
	number = {3},
	journal = {Proceedings of the VLDB Endowment},
	author = {Chan, Tsz Nam and Ip, Pak Lon and U, Leong Hou and Choi, Byron and Xu, Jianliang},
	year = {2021},
	note = {Publisher: VLDB Endowment},
	pages = {513--526},
}

@article{chan_kdv-explorer_2021,
	title = {{KDV}-{Explorer}: {A} near real-time kernel density visualization system for spatial analysis},
	volume = {14},
	number = {12},
	journal = {Proceedings of the VLDB Endowment},
	author = {Chan, Tsz Nam and Ip, Pak Lon and U, Leong Hou and Tong, Weng Hou and Mittal, Shivansh and Li, Ye and Cheng, Reynold},
	year = {2021},
	note = {Publisher: VLDB Endowment},
	pages = {2655--2658},
}

@article{chan_efficient_2020,
	title = {Efficient algorithms for kernel aggregation queries},
	journal = {IEEE Transactions on Knowledge and Data Engineering},
	author = {Chan, Tsz Nam and Cheng, Reynold and Yiu, Man Lung and Mittal, Shivansh and {others}},
	year = {2020},
	note = {Publisher: IEEE},
}

@inproceedings{chan_quad_2020,
	title = {{QUAD}: {Quadratic}-bound-based kernel density visualization},
	booktitle = {Proceedings of the 2020 {ACM} {SIGMOD} {International} {Conference} on {Management} of {Data}},
	author = {Chan, Tsz Nam and Cheng, Reynold and Yiu, Man Lung},
	year = {2020},
	pages = {35--50},
}

@inproceedings{chan_karl_2019,
	title = {{KARL}: {Fast} kernel aggregation queries},
	booktitle = {2019 {IEEE} 35th {International} {Conference} on {Data} {Engineering} ({ICDE})},
	publisher = {IEEE},
	author = {Chan, Tsz Nam and Yiu, Man Lung and Leong, Hou U},
	year = {2019},
	pages = {542--553},
}

@article{chan_fast_2021,
	title = {Fast augmentation algorithms for network kernel density visualization},
	volume = {14},
	number = {9},
	journal = {Proceedings of the VLDB Endowment},
	author = {Chan, Tsz Nam and Li, Zhe and U, Leong Hou and Xu, Jianliang and Cheng, Reynold},
	year = {2021},
	note = {Publisher: VLDB Endowment},
	pages = {1503--1516},
}

@inproceedings{borruso_network_2005,
	title = {Network density estimation: analysis of point patterns over a network},
	booktitle = {International {Conference} on {Computational} {Science} and {Its} {Applications}},
	publisher = {Springer},
	author = {Borruso, Giuseppe},
	year = {2005},
	pages = {126--132},
}

@inproceedings{romano_visualizing_2017,
	title = {Visualizing traffic accident hotspots based on spatial-temporal network kernel density estimation},
	booktitle = {Proceedings of the 25th {ACM} {SIGSPATIAL} {International} {Conference} on {Advances} in {Geographic} {Information} {Systems}},
	author = {Romano, Benjamin and Jiang, Zhe},
	year = {2017},
	pages = {1--4},
}

@article{chan_sws_2021,
	title = {{SWS}: a complexity-optimized solution for spatial-temporal kernel density visualization},
	volume = {15},
	number = {4},
	journal = {Proceedings of the VLDB Endowment},
	author = {Chan, Tsz Nam and Ip, Pak Lon and U, Leong Hou and Choi, Byron and Xu, Jianliang},
	year = {2021},
	note = {Publisher: VLDB Endowment},
	pages = {814--827},
}

@article{gong_estimating_2014,
	title = {Estimating information entropy for hydrological data: {One}-dimensional case},
	volume = {50},
	number = {6},
	journal = {Water Resources Research},
	author = {Gong, Wei and Yang, Dawen and Gupta, Hoshin V and Nearing, Grey},
	year = {2014},
	note = {Publisher: Wiley Online Library},
	pages = {5003--5018},
}

@inproceedings{fleuret_scale-invariance_2003,
	title = {Scale-invariance of support vector machines based on the triangular kernel},
	booktitle = {3rd {International} {Workshop} on {Statistical} and {Computational} {Theories} of {Vision}},
	author = {Fleuret, François and Sahbi, Hichem and {others}},
	year = {2003},
	pages = {1--13},
}

@article{cristianini_dynamically_1998,
	title = {Dynamically adapting kernels in support vector machines},
	volume = {11},
	journal = {Advances in neural information processing systems},
	author = {Cristianini, Nello and Campbell, Colin and Shawe-Taylor, John},
	year = {1998},
}

@article{scholkopf_comparing_1997,
	title = {Comparing support vector machines with {Gaussian} kernels to radial basis function classifiers},
	volume = {45},
	number = {11},
	journal = {IEEE transactions on Signal Processing},
	author = {Scholkopf, Bernhard and Sung, Kah-Kay and Burges, Christopher JC and Girosi, Federico and Niyogi, Partha and Poggio, Tomaso and Vapnik, Vladimir},
	year = {1997},
	note = {Publisher: IEEE},
	pages = {2758--2765},
}

@inproceedings{liu_immens_2013,
	title = {{imMens}: {Real}-time visual querying of big data},
	volume = {32},
	booktitle = {Computer {Graphics} {Forum}},
	publisher = {Wiley Online Library},
	author = {Liu, Zhicheng and Jiang, Biye and Heer, Jeffrey},
	year = {2013},
	note = {Issue: 3pt4},
	pages = {421--430},
}

@article{silverman_algorithm_1982,
	title = {Algorithm {AS} 176: {Kernel} density estimation using the fast {Fourier} transform},
	volume = {31},
	number = {1},
	journal = {Journal of the Royal Statistical Society. Series C (Applied Statistics)},
	author = {Silverman, Bernhard W},
	year = {1982},
	note = {Publisher: JSTOR},
	pages = {93--99},
}

@inproceedings{auber_interactive_2005,
	title = {Interactive refinement of multi-scale network clusterings},
	booktitle = {Ninth {International} {Conference} on {Information} {Visualisation} ({IV}'05)},
	publisher = {IEEE},
	author = {Auber, David and Jourdan, Fabien},
	year = {2005},
	pages = {703--709},
}

@article{abello_ask-graphview_2006,
	title = {Ask-graphview: {A} large scale graph visualization system},
	volume = {12},
	number = {5},
	journal = {IEEE transactions on visualization and computer graphics},
	author = {Abello, James and Van Ham, Frank and Krishnan, Neeraj},
	year = {2006},
	note = {Publisher: IEEE},
	pages = {669--676},
}

@article{hart_kernel_2014,
	title = {Kernel density estimation and hotspot mapping: {Examining} the influence of interpolation method, grid cell size, and bandwidth on crime forecasting},
	volume = {37},
	number = {2},
	journal = {Policing: An International Journal of Police Strategies \& Management},
	author = {Hart, Timothy and Zandbergen, Paul},
	year = {2014},
	note = {Publisher: Emerald Group Publishing Limited},
	pages = {305--323},
}

@article{fan_fast_1994,
	title = {Fast implementations of nonparametric curve estimators},
	volume = {3},
	number = {1},
	journal = {Journal of computational and graphical statistics},
	author = {Fan, Jianqing and Marron, James S},
	year = {1994},
	note = {Publisher: Taylor \& Francis},
	pages = {35--56},
}

@inproceedings{li_interactive_2014,
	title = {Interactive visualization of high density streaming points with heat-map},
	booktitle = {2014 {International} {Conference} on {Smart} {Computing}},
	publisher = {IEEE},
	author = {Li, Chenhui and Baciu, George and Han, Yu},
	year = {2014},
	pages = {145--149},
}

@inproceedings{hinneburg_denclue_2007,
	title = {Denclue 2.0: {Fast} clustering based on kernel density estimation},
	booktitle = {International symposium on intelligent data analysis},
	publisher = {Springer},
	author = {Hinneburg, Alexander and Gabriel, Hans-Henning},
	year = {2007},
	pages = {70--80},
}

@article{kristan_multivariate_2011,
	title = {Multivariate online kernel density estimation with {Gaussian} kernels},
	volume = {44},
	number = {10-11},
	journal = {Pattern Recognition},
	author = {Kristan, Matej and Leonardis, Aleš and Skočaj, Danijel},
	year = {2011},
	note = {Publisher: Elsevier},
	pages = {2630--2642},
}

@book{silverman_density_2018,
	title = {Density estimation for statistics and data analysis},
	publisher = {Routledge},
	author = {Silverman, Bernard W},
	year = {2018},
}

@article{de_felice_short-term_2015,
	title = {Short-term predictability of photovoltaic production over {Italy}},
	volume = {80},
	journal = {Renewable Energy},
	author = {De Felice, Matteo and Petitta, Marcello and Ruti, Paolo M},
	year = {2015},
	note = {Publisher: Elsevier},
	pages = {197--204},
}

@article{samiuddin_nonparametric_1990,
	title = {On nonparametric kernel density estimates},
	volume = {77},
	number = {4},
	journal = {Biometrika},
	author = {Samiuddin, M and El-Sayyad, GM},
	year = {1990},
	note = {Publisher: Oxford University Press},
	pages = {865--874},
}

@article{bil_identification_2013,
	title = {Identification of hazardous road locations of traffic accidents by means of kernel density estimation and cluster significance evaluation},
	volume = {55},
	journal = {Accident Analysis \& Prevention},
	author = {Bíl, Michal and Andrášik, Richard and Janoška, Zbyněk},
	year = {2013},
	note = {Publisher: Elsevier},
	pages = {265--273},
}

@article{diebold_multivariate_1999,
	title = {Multivariate density forecast evaluation and calibration in financial risk management: high-frequency returns on foreign exchange},
	volume = {81},
	number = {4},
	journal = {Review of Economics and Statistics},
	author = {Diebold, Francis X and Hahn, Jinyong and Tay, Anthony S},
	year = {1999},
	note = {Publisher: MIT Press 238 Main St., Suite 500, Cambridge, MA 02142-1046, USA journals …},
	pages = {661--673},
}

@article{harvey_kernel_2012,
	title = {Kernel density estimation for time series data},
	volume = {28},
	number = {1},
	journal = {International journal of forecasting},
	author = {Harvey, Andrew and Oryshchenko, Vitaliy},
	year = {2012},
	note = {Publisher: Elsevier},
	pages = {3--14},
}

@article{diebold_evaluating_1998,
	title = {Evaluating {Density} {Forecasts} with {Applications} to {Financial} {Risk} {Management}},
	volume = {39},
	issn = {00206598, 14682354},
	url = {http://www.jstor.org/stable/2527342},
	abstract = {Density forecasting is increasingly more important and commonplace, for example in financial risk management, yet little attention has been given to the evaluation of density forecasts. We develop a simple and operational framework for density forecast evaluation. We illustrate the framework with a detailed application to density forecasting of asset returns in environments with time-varying volatility. Finally, we discuss several extensions.},
	number = {4},
	urldate = {2022-08-16},
	journal = {International Economic Review},
	author = {Diebold, Francis X. and Gunther, Todd A. and Tay, Anthony S.},
	year = {1998},
	note = {Publisher: [Economics Department of the University of Pennsylvania, Wiley, Institute of Social and Economic Research, Osaka University]},
	pages = {863--883},
}

@online{noauthor_arcgis_nodate,
	title = {{ArcGIS:} https://pro.arcgis.com/},
	year={2023}
}


@online{noauthor_qgis_nodate,
	title = {{QGIS:} https://docs.qgis.org/},
	year={2023}
}

@online{noauthor_uber_nodate,
	title = {{Uber:} https://www.uber.com/},
	year={2023}
}


@online{noauthor_uber_movement_nodate,
	title = {{Uber Movement:} https://movement.uber.com/},
	year={2023}
}


@article{rakshit2019efficient,
  title={Efficient code for second order analysis of events on a linear network},
  author={Rakshit, Suman and Baddeley, Adrian and Nair, Gopalan},
  journal={Journal of Statistical Software},
  volume={90},
  pages={1--37},
  year={2019}
}


@incollection{dijkstra2022note,
  title={A note on two problems in connexion with graphs},
  author={Dijkstra, Edsger W},
  booktitle={Edsger Wybe Dijkstra: His Life, Work, and Legacy},
  pages={287--290},
  year={2022}
}

@book{de2000computational,
  title={Computational geometry: algorithms and applications},
  author={De Berg, Mark},
  year={2000},
  publisher={Springer Science \& Business Media}
}

@article{patuelli2007network,
  title={Network analysis of commuting flows: A comparative static approach to German data},
  author={Patuelli, Roberto and Reggiani, Aura and Gorman, Sean P and Nijkamp, Peter and Bade, Franz-Josef},
  journal={Networks and Spatial Economics},
  volume={7},
  pages={315--331},
  year={2007},
  publisher={Springer}
}

@article{mouratidis2006continuous,
  title={Continuous nearest neighbor monitoring in road networks},
  author={Mouratidis, Kyriakos and Yiu, Man Lung and Papadias, Dimitris and Mamoulis, Nikos},
  year={2006},
  publisher={VLDB Endowment}
}

@inproceedings{koudas2004approximate,
  title={Approximate NN queries on streams with guaranteed error/performance bounds},
  author={Koudas, Nick and Ooi, Beng Chin and Tan, Kian-Lee and Zhang, Rui},
  booktitle={Proceedings of the Thirtieth international conference on Very large data bases-Volume 30},
  pages={804--815},
  year={2004}
}

@inproceedings{figueiras2018real,
  title={Real-time monitoring of road traffic using data stream mining},
  author={Figueiras, Paulo and Herga, Zala and Guerreiro, Guilherme and Rosa, Ant{\'o}nio and Costa, Ruben and Jardim-Gon{\c{c}}alves, Ricardo},
  booktitle={2018 IEEE International Conference on Engineering, Technology and Innovation (ICE/ITMC)},
  pages={1--8},
  year={2018},
  organization={IEEE}
}

@article{li2021trace,
  title={TRACE: Real-time compression of streaming trajectories in road networks},
  author={Li, Tianyi and Chen, Lu and Jensen, Christian S and Pedersen, Torben Bach},
  journal={Proceedings of the VLDB Endowment},
  volume={14},
  number={7},
  pages={1175--1187},
  year={2021},
  publisher={VLDB Endowment}
}

@inproceedings{sasikala2014uncertain,
  title={Uncertain data prediction on dynamic road network},
  author={Sasikala, I and Ganesan, M and John, A},
  booktitle={International Conference on Information Communication and Embedded Systems (ICICES2014)},
  pages={1--4},
  year={2014},
  organization={IEEE}
}

@article{cheng2012spatio,
  title={Spatio-temporal autocorrelation of road network data},
  author={Cheng, Tao and Haworth, James and Wang, Jiaqiu},
  journal={Journal of Geographical Systems},
  volume={14},
  pages={389--413},
  year={2012},
  publisher={Springer}
}

@inproceedings{farooq2010api,
  title={API peer reviews: a method for evaluating usability of application programming interfaces},
  author={Farooq, Umer and Zirkler, Dieter},
  booktitle={Proceedings of the ACM conference on Computer supported cooperative work},
  pages={207--210},
  year={2010}
}

@inproceedings{piccioni2013empirical,
  title={An empirical study of API usability},
  author={Piccioni, Marco and Furia, Carlo A and Meyer, Bertrand},
  booktitle={IEEE International Symposium on Empirical Software Engineering and Measurement},
  pages={5--14},
  year={2013},
  organization={IEEE}
}

@article{leskovec2010kronecker,
  title={Kronecker graphs: an approach to modeling networks.},
  author={Leskovec, Jure and Chakrabarti, Deepayan and Kleinberg, Jon and Faloutsos, Christos and Ghahramani, Zoubin},
  journal={Journal of Machine Learning Research},
  volume={11},
  number={2},
  year={2010}
}

@article{DBLP:journals/pvldb/LuCYW14,
  author       = {Yi Lu and
                  James Cheng and
                  Da Yan and
                  Huanhuan Wu},
  title        = {Large-Scale Distributed Graph Computing Systems: An Experimental Evaluation},
  journal      = {Proc. {VLDB} Endow.},
  volume       = {8},
  number       = {3},
  pages        = {281--292},
  year         = {2014},
  url2          = {http://www.vldb.org/pvldb/vol8/p281-lu.pdf},
  doi2          = {10.14778/2735508.2735517},
  timestamp    = {Wed, 17 Jun 2020 07:57:48 +0200},
  biburl22       = {https://dblp.org/rec/journals/pvldb/LuCYW14.bib},
  bibsource2    = {dblp computer science bibliography, https://dblp.org}
}

@article{DBLP:journals/pvldb/AmmarO18,
  author       = {Khaled Ammar and
                  M. Tamer {\"{O}}zsu},
  title        = {Experimental Analysis of Distributed Graph Systems},
  journal      = {Proc. {VLDB} Endow.},
  volume       = {11},
  number       = {10},
  pages        = {1151--1164},
  year         = {2018},
  url2          = {http://www.vldb.org/pvldb/vol11/p1151-ammar.pdf},
  doi2          = {10.14778/3231751.3231764},
  timestamp    = {Tue, 21 Mar 2023 21:05:57 +0100},
  biburl22       = {https://dblp.org/rec/journals/pvldb/AmmarO18.bib},
  bibsource2    = {dblp computer science bibliography, https://dblp.org}
}

@article{DBLP:journals/pvldb/HanDAOWJ14,
  author       = {Minyang Han and
                  Khuzaima Daudjee and
                  Khaled Ammar and
                  M. Tamer {\"{O}}zsu and
                  Xingfang Wang and
                  Tianqi Jin},
  title        = {An Experimental Comparison of Pregel-like Graph Processing Systems},
  journal      = {Proc. {VLDB} Endow.},
  volume       = {7},
  number       = {12},
  pages        = {1047--1058},
  year         = {2014},
  url2          = {http://www.vldb.org/pvldb/vol7/p1047-han.pdf},
  doi2          = {10.14778/2732977.2732980},
  timestamp    = {Tue, 21 Mar 2023 21:05:57 +0100},
  biburl22       = {https://dblp.org/rec/journals/pvldb/HanDAOWJ14.bib},
  bibsource2    = {dblp computer science bibliography, https://dblp.org}
}

@inproceedings{DBLP:conf/socialcom/JouiliV13,
  author       = {Salim Jouili and
                  Valentin Vansteenberghe},
  title        = {An Empirical Comparison of Graph Databases},
  booktitle    = {International Conference on Social Computing, SocialCom 2013, SocialCom/PASSAT/BigData/EconCom/BioMedCom
                  2013, Washington, DC, USA, 8-14 September, 2013},
  pages        = {708--715},
  publisher    = {{IEEE} Computer Society},
  year         = {2013},
  url2          = {https://doi2.org/10.1109/SocialCom.2013.106},
  doi2          = {10.1109/SOCIALCOM.2013.106},
  timestamp    = {Thu, 23 Mar 2023 23:59:44 +0100},
  biburl22       = {https://dblp.org/rec/conf/socialcom/JouiliV13.bib},
  bibsource2    = {dblp computer science bibliography, https://dblp.org}
}

@inproceedings{DBLP:conf/hpca/WangZLZYHGJSZZLZLQ14,
  author       = {Lei Wang and
                  Jianfeng Zhan and
                  Chunjie Luo and
                  Yuqing Zhu and
                  Qiang Yang and
                  Yongqiang He and
                  Wanling Gao and
                  Zhen Jia and
                  Yingjie Shi and
                  Shujie Zhang and
                  Chen Zheng and
                  Gang Lu and
                  Kent Zhan and
                  Xiaona Li and
                  Bizhu Qiu},
  title        = {BigDataBench: {A} big data benchmark suite from internet services},
  booktitle    = {20th {IEEE} International Symposium on High Performance Computer Architecture,
                  {HPCA} 2014, Orlando, FL, USA, February 15-19, 2014},
  pages        = {488--499},
  publisher    = {{IEEE} Computer Society},
  year         = {2014},
  url2          = {https://doi2.org/10.1109/HPCA.2014.6835958},
  doi2          = {10.1109/HPCA.2014.6835958},
  timestamp    = {Fri, 24 Mar 2023 00:02:08 +0100},
  biburl22       = {https://dblp.org/rec/conf/hpca/WangZLZYHGJSZZLZLQ14.bib},
  bibsource2    = {dblp computer science bibliography, https://dblp.org}
}

@inproceedings{DBLP:conf/cloudcom/DayarathnaS12,
  author       = {Miyuru Dayarathna and
                  Toyotaro Suzumura},
  title        = {XGDBench: {A} benchmarking platform for graph stores in exascale clouds},
  booktitle    = {4th {IEEE} International Conference on Cloud Computing Technology
                  and Science Proceedings, CloudCom 2012, Taipei, Taiwan, December 3-6,
                  2012},
  pages        = {363--370},
  publisher    = {{IEEE} Computer Society},
  year         = {2012},
  url2          = {https://doi2.org/10.1109/CloudCom.2012.6427516},
  doi2          = {10.1109/CLOUDCOM.2012.6427516},
  timestamp    = {Fri, 24 Mar 2023 00:02:35 +0100},
  biburl22       = {https://dblp.org/rec/conf/cloudcom/DayarathnaS12.bib},
  bibsource2    = {dblp computer science bibliography, https://dblp.org}
}

@inproceedings{DBLP:conf/wbdb/AmmarO13,
  title={Wgb: Towards a universal graph benchmark},
  author={Ammar, Khaled and {\"O}zsu, M Tamer},
  booktitle={Advancing Big Data Benchmarks: Proceedings of the 2013 Workshop Series on Big Data Benchmarking, WBDB. cn, Xi'an, China, July16-17, 2013 and WBDB. us, San Jos{\'e}, CA, USA, October 9-10, 2013, Revised Selected Papers 0},
  pages={58--72},
  year={2014},
  organization={Springer}
}


@misc{graph500,
  author = {{Graph500 Executive Committee}},
  title = {Graph 500 Benchmark},
  year = {2010},
  howpublished = {\url{https://graph500.org/}}
}

@inproceedings{DBLP:conf/sigmod/ArmstrongPBC13,
  author       = {Timothy G. Armstrong and
                  Vamsi Ponnekanti and
                  Dhruba Borthakur and
                  Mark Callaghan},
  editor       = {Kenneth A. Ross and
                  Divesh Srivastava and
                  Dimitris Papadias},
  title        = {LinkBench: a database benchmark based on the Facebook social graph},
  booktitle    = {Proceedings of the {ACM} {SIGMOD} International Conference on Management
                  of Data, {SIGMOD} 2013, New York, NY, USA, June 22-27, 2013},
  pages        = {1185--1196},
  publisher    = {{ACM}},
  year         = {2013},
  url2          = {https://doi2.org/10.1145/2463676.2465296},
  doi2          = {10.1145/2463676.2465296},
  timestamp    = {Tue, 06 Nov 2018 11:07:38 +0100},
  biburl22       = {https://dblp.org/rec/conf/sigmod/ArmstrongPBC13.bib},
  bibsource2    = {dblp computer science bibliography, https://dblp.org}
}

@article{DBLP:journals/jcsm/0014YXZS014,
  author       = {Yue Zhao and
                  Kenji Yoshigoe and
                  Mengjun Xie and
                  Suijian Zhou and
                  Remzi Seker and
                  Jiang Bian},
  title        = {Evaluation and Analysis of Distributed Graph-Parallel Processing Frameworks},
  journal      = {J. Cyber Secur. Mobil.},
  volume       = {3},
  number       = {3},
  pages        = {289--316},
  year         = {2014},
  url2          = {https://doi2.org/10.13052/jcsm2245-1439.333},
  doi2          = {10.13052/JCSM2245-1439.333},
  timestamp    = {Sun, 02 Oct 2022 15:40:57 +0200},
  biburl22       = {https://dblp.org/rec/journals/jcsm/0014YXZS014.bib},
  bibsource2    = {dblp computer science bibliography, https://dblp.org}
}

@inproceedings{DBLP:conf/sc/NaiXTKL15,
  author       = {Lifeng Nai and
                  Yinglong Xia and
                  Ilie Gabriel Tanase and
                  Hyesoon Kim and
                  Ching{-}Yung Lin},
  editor       = {Jackie Kern and
                  Jeffrey S. Vetter},
  title        = {GraphBIG: understanding graph computing in the context of industrial
                  solutions},
  booktitle    = {Proceedings of the International Conference for High Performance Computing,
                  Networking, Storage and Analysis, {SC} 2015, Austin, TX, USA, November
                  15-20, 2015},
  pages        = {69:1--69:12},
  publisher    = {{ACM}},
  year         = {2015},
  url2          = {https://doi2.org/10.1145/2807591.2807626},
  doi2          = {10.1145/2807591.2807626},
  timestamp    = {Tue, 06 Nov 2018 16:59:29 +0100},
  biburl22       = {https://dblp.org/rec/conf/sc/NaiXTKL15.bib},
  bibsource2    = {dblp computer science bibliography, https://dblp.org}
}

@article{DBLP:journals/pvldb/IosupHNHPMCCSAT16,
  author       = {Alexandru Iosup and
                  Tim Hegeman and
                  Wing Lung Ngai and
                  Stijn Heldens and
                  Arnau Prat{-}P{\'{e}}rez and
                  Thomas Manhardt and
                  Hassan Chafi and
                  Mihai Capota and
                  Narayanan Sundaram and
                  Michael J. Anderson and
                  Ilie Gabriel Tanase and
                  Yinglong Xia and
                  Lifeng Nai and
                  Peter A. Boncz},
  title        = {{LDBC} Graphalytics: {A} Benchmark for Large-Scale Graph Analysis
                  on Parallel and Distributed Platforms},
  journal      = {Proc. {VLDB} Endow.},
  volume       = {9},
  number       = {13},
  pages        = {1317--1328},
  year         = {2016},
  url2          = {http://www.vldb.org/pvldb/vol9/p1317-iosup.pdf},
  doi2          = {10.14778/3007263.3007270},
  timestamp    = {Sat, 09 Apr 2022 12:29:12 +0200},
  biburl22       = {https://dblp.org/rec/journals/pvldb/IosupHNHPMCCSAT16.bib},
  bibsource2    = {dblp computer science bibliography, https://dblp.org}
}

@inproceedings{DBLP:conf/sc/GhoshHTKG18,
  author       = {Sayan Ghosh and
                  Mahantesh Halappanavar and
                  Antonino Tumeo and
                  Ananth Kalyanaraman and
                  Assefaw H. Gebremedhin},
  title        = {MiniVite: {A} Graph Analytics Benchmarking Tool for Massively Parallel
                  Systems},
  booktitle    = {2018 {IEEE/ACM} Performance Modeling, Benchmarking and Simulation
                  of High Performance Computer Systems, PMBS@SC 2018, Dallas, TX, USA,
                  November 12, 2018},
  pages        = {51--56},
  publisher    = {{IEEE}},
  year         = {2018},
  url2          = {https://doi2.org/10.1109/PMBS.2018.8641631},
  doi2          = {10.1109/PMBS.2018.8641631},
  timestamp    = {Wed, 16 Oct 2019 14:14:57 +0200},
  biburl22       = {https://dblp.org/rec/conf/sc/GhoshHTKG18.bib},
  bibsource2    = {dblp computer science bibliography, https://dblp.org}
}

@inproceedings{DBLP:conf/sigmod/DhulipalaSTBS20,
  author       = {Laxman Dhulipala and
                  Jessica Shi and
                  Tom Tseng and
                  Guy E. Blelloch and
                  Julian Shun},
  editor       = {Akhil Arora and
                  Semih Salihoglu and
                  Nikolay Yakovets},
  title        = {The Graph Based Benchmark Suite {(GBBS)}},
  booktitle    = {GRADES-NDA'20: Proceedings of the 3rd Joint International Workshop
                  on Graph Data Management Experiences {\&} Systems {(GRADES)} and
                  Network Data Analytics (NDA), Portland, OR, USA, June 14, 2020},
  pages        = {11:1--11:8},
  publisher    = {{ACM}},
  year         = {2020},
  url2          = {https://doi2.org/10.1145/3398682.3399168},
  doi2          = {10.1145/3398682.3399168},
  timestamp    = {Mon, 06 May 2024 07:37:45 +0200},
  biburl22       = {https://dblp.org/rec/conf/sigmod/DhulipalaSTBS20.bib},
  bibsource2    = {dblp computer science bibliography, https://dblp.org}
}

@inproceedings{DBLP:conf/grades/ErbMKSCMP18,
  author       = {Benjamin Erb and
                  Dominik Mei{\ss}ner and
                  Frank Kargl and
                  Benjamin A. Steer and
                  F{\'{e}}lix Cuadrado and
                  Domagoj Margan and
                  Peter R. Pietzuch},
  editor       = {Akhil Arora and
                  Arnab Bhattacharya and
                  George H. L. Fletcher and
                  Josep Llu{\'{\i}}s Larriba{-}Pey and
                  Shourya Roy and
                  Robert West},
  title        = {Graphtides: a framework for evaluating stream-based graph processing
                  platforms},
  booktitle    = {Proceedings of the 1st {ACM} {SIGMOD} Joint International Workshop
                  on Graph Data Management Experiences {\&} Systems {(GRADES)} and
                  Network Data Analytics (NDA), Houston, TX, USA, June 10, 2018},
  pages        = {3:1--3:10},
  publisher    = {{ACM}},
  year         = {2018},
  url2          = {https://doi2.org/10.1145/3210259.3210262},
  doi2          = {10.1145/3210259.3210262},
  timestamp    = {Mon, 15 Nov 2021 16:15:59 +0100},
  biburl22       = {https://dblp.org/rec/conf/grades/ErbMKSCMP18.bib},
  bibsource2    = {dblp computer science bibliography, https://dblp.org}
}

@inproceedings{DBLP:conf/nips/HuFZDRLCL20,
  author       = {Weihua Hu and
                  Matthias Fey and
                  Marinka Zitnik and
                  Yuxiao Dong and
                  Hongyu Ren and
                  Bowen Liu and
                  Michele Catasta and
                  Jure Leskovec},
  editor       = {Hugo Larochelle and
                  Marc'Aurelio Ranzato and
                  Raia Hadsell and
                  Maria{-}Florina Balcan and
                  Hsuan{-}Tien Lin},
  title        = {Open Graph Benchmark: Datasets for Machine Learning on Graphs},
  booktitle    = {Advances in Neural Information Processing Systems 33: Annual Conference
                  on Neural Information Processing Systems 2020, NeurIPS 2020, December
                  6-12, 2020, virtual},
  year         = {2020},
  url2          = {https://proceedings.neurips.cc/paper/2020/hash/fb60d411a5c5b72b2e7d3527cfc84fd0-Abstract.html},
  timestamp    = {Tue, 19 Jan 2021 15:57:06 +0100},
  biburl22       = {https://dblp.org/rec/conf/nips/HuFZDRLCL20.bib},
  bibsource2    = {dblp computer science bibliography, https://dblp.org}
}

@inproceedings{gonzalez2014graphx,
  title={$\{$GraphX$\}$: Graph processing in a distributed dataflow framework},
  author={Gonzalez, Joseph E and Xin, Reynold S and Dave, Ankur and Crankshaw, Daniel and Franklin, Michael J and Stoica, Ion},
  booktitle={11th USENIX symposium on operating systems design and implementation (OSDI 14)},
  pages={599--613},
  year={2014}
} 

@inproceedings{gonzalez2012powergraph,
  title={$\{$PowerGraph$\}$: Distributed $\{$Graph-Parallel$\}$ computation on natural graphs},
  author={Gonzalez, Joseph E and Low, Yucheng and Gu, Haijie and Bickson, Danny and Guestrin, Carlos},
  booktitle={10th USENIX symposium on operating systems design and implementation (OSDI 12)},
  pages={17--30},
  year={2012}
}

@inproceedings{li2023flash,
  title={Flash: A framework for programming distributed graph processing algorithms},
  author={Li, Xue and Meng, Ke and Qin, Lu and Lai, Longbin and Yu, Wenyuan and Qian, Zhengping and Lin, Xuemin and Zhou, Jingren},
  booktitle={2023 IEEE 39th International Conference on Data Engineering (ICDE)},
  pages={232--244},
  year={2023},
  organization={IEEE}
}

@article{fan2018parallelizing,
  title={Parallelizing sequential graph computations},
  author={Fan, Wenfei and Yu, Wenyuan and Xu, Jingbo and Zhou, Jingren and Luo, Xiaojian and Yin, Qiang and Lu, Ping and Cao, Yang and Xu, Ruiqi},
  journal={ACM Transactions on Database Systems (TODS)},
  volume={43},
  number={4},
  pages={1--39},
  year={2018},
  publisher={ACM New York, NY, USA}
}

@inproceedings{shun2013ligra,
  title={Ligra: a lightweight graph processing framework for shared memory},
  author={Shun, Julian and Blelloch, Guy E},
  booktitle={Proceedings of the 18th ACM SIGPLAN symposium on Principles and practice of parallel programming},
  pages={135--146},
  year={2013}
}

@online{pregelplus,
	title  = {PregelPlus: A Distributed Graph Computing Framework with Effective Message Reduction},
	author = {Husky Data Lab, CUHK},
	year   = 2018,
	note   = {http://www.cse.cuhk.edu.hk/pregelplus/},
}

@inproceedings{yan2015effective,
  title={Effective techniques for message reduction and load balancing in distributed graph computation},
  author={Yan, Da and Cheng, James and Lu, Yi and Ng, Wilfred},
  booktitle={Proceedings of the 24th International Conference on World Wide Web},
  pages={1307--1317},
  year={2015}
}

@article{yan2014pregel,
  title={Pregel algorithms for graph connectivity problems with performance guarantees},
  author={Yan, Da and Cheng, James and Xing, Kai and Lu, Yi and Ng, Wilfred and Bu, Yingyi},
  journal={Proceedings of the VLDB Endowment},
  volume={7},
  number={14},
  pages={1821--1832},
  year={2014},
  publisher={VLDB Endowment}
}

@article{lu2014large,
  title={Large-scale distributed graph computing systems: An experimental evaluation},
  author={Lu, Yi and Cheng, James and Yan, Da and Wu, Huanhuan},
  journal={Proceedings of the VLDB Endowment},
  volume={8},
  number={3},
  pages={281--292},
  year={2014},
  publisher={VLDB Endowment}
}

@techreport{page1999pagerank,
  title={The PageRank citation ranking: Bringing order to the web.},
  author={Page, Lawrence and Brin, Sergey and Motwani, Rajeev and Winograd, Terry},
  year={1999},
  institution={Stanford infolab}
}

@article{bellman1958routing,
  title={On a routing problem},
  author={Bellman, Richard},
  journal={Quarterly of applied mathematics},
  volume={16},
  number={1},
  pages={87--90},
  year={1958}
}

@article{DBLP:journals/nm/Dijkstra59,
  author       = {Edsger W. Dijkstra},
  title        = {A note on two problems in connexion with graphs},
  journal      = {Numerische Mathematik},
  volume       = {1},
  pages        = {269--271},
  year         = {1959},
  url2          = {https://doi2.org/10.1007/BF01386390},
  doi2          = {10.1007/BF01386390},
  timestamp    = {Mon, 29 Jul 2019 15:59:06 +0200},
  biburl22       = {https://dblp.org/rec/journals/nm/Dijkstra59.bib},
  bibsource2    = {dblp computer science bibliography, https://dblp.org}
}

@article{DBLP:journals/widm/HasanD18,
  author       = {Mohammad Al Hasan and
                  Vachik S. Dave},
  title        = {Triangle counting in large networks: a review},
  journal      = {WIREs Data Mining Knowl. Discov.},
  volume       = {8},
  number       = {2},
  year         = {2018},
  url2          = {https://doi2.org/10.1002/widm.1226},
  doi2          = {10.1002/WIDM.1226},
  timestamp    = {Mon, 26 Jun 2023 20:57:14 +0200},
  biburl22       = {https://dblp.org/rec/journals/widm/HasanD18.bib},
  bibsource2    = {dblp computer science bibliography, https://dblp.org}
}

@misc{meng2024surveydistributedgraphalgorithms,
      title={A Survey of Distributed Graph Algorithms on Massive Graphs}, 
      author={Lingkai Meng and Yu Shao and Long Yuan and Longbin Lai and Peng Cheng and Xue Li and Wenyuan Yu and Wenjie Zhang and Xuemin Lin and Jingren Zhou},
      year={2024},
      eprint={2404.06037},
      archivePrefix={arXiv},
      primaryClass={cs.DC},
      url2={https://arxiv.org/abs/2404.06037}, 
}

@article{meng2024survey,
  title={A survey of distributed graph algorithms on massive graphs},
  author={Meng, Lingkai and Shao, Yu and Yuan, Long and Lai, Longbin and Cheng, Peng and Li, Xue and Yu, Wenyuan and Zhang, Wenjie and Lin, Xuemin and Zhou, Jingren},
  journal={ACM Computing Surveys},
  volume={57},
  number={2},
  pages={1--39},
  year={2024},
  publisher={ACM New York, NY}
}

@article{DBLP:journals/csr/RaufTP19,
  author       = {Irum Rauf and
                  Elena Troubitsyna and
                  Ivan Porres},
  title        = {A systematic mapping study of {API} usability evaluation methods},
  journal      = {Comput. Sci. Rev.},
  volume       = {33},
  pages        = {49--68},
  year         = {2019},
  url2          = {https://doi2.org/10.1016/j.cosrev.2019.05.001},
  doi2          = {10.1016/J.COSREV.2019.05.001},
  timestamp    = {Sun, 02 Oct 2022 15:33:09 +0200},
  biburl22       = {https://dblp.org/rec/journals/csr/RaufTP19.bib},
  bibsource2    = {dblp computer science bibliography, https://dblp.org}
}

@inproceedings{DBLP:conf/icse/Myers17,
  author       = {Brad A. Myers},
  title        = {Human-Centered Methods for Improving {API} Usability},
  booktitle    = {1st {IEEE/ACM} International Workshop on {API} Usage and Evolution,
                  WAPI@ICSE 2017, Buenos Aires, Argentina, May 23, 2017},
  pages        = {2},
  publisher    = {{IEEE} Computer Society},
  year         = {2017},
  url2          = {https://doi2.org/10.1109/WAPI.2017.2},
  doi2          = {10.1109/WAPI.2017.2},
  timestamp    = {Thu, 23 Mar 2023 23:58:07 +0100},
  biburl22       = {https://dblp.org/rec/conf/icse/Myers17.bib},
  bibsource2    = {dblp computer science bibliography, https://dblp.org}
}

@article{DBLP:journals/cacm/MyersS16,
  author       = {Brad A. Myers and
                  Jeffrey Stylos},
  title        = {Improving {API} usability},
  journal      = {Commun. {ACM}},
  volume       = {59},
  number       = {6},
  pages        = {62--69},
  year         = {2016},
  url2          = {https://doi2.org/10.1145/2896587},
  doi2          = {10.1145/2896587},
  timestamp    = {Tue, 06 Nov 2018 12:51:37 +0100},
  biburl22       = {https://dblp.org/rec/journals/cacm/MyersS16.bib},
  bibsource2    = {dblp computer science bibliography, https://dblp.org}
}

@inproceedings{DBLP:conf/esem/PiccioniFM13,
  author       = {Marco Piccioni and
                  Carlo A. Furia and
                  Bertrand Meyer},
  title        = {An Empirical Study of {API} Usability},
  booktitle    = {2013 {ACM} / {IEEE} International Symposium on Empirical Software
                  Engineering and Measurement, Baltimore, Maryland, USA, October 10-11,
                  2013},
  pages        = {5--14},
  publisher    = {{IEEE} Computer Society},
  year         = {2013},
  url2          = {https://doi2.org/10.1109/ESEM.2013.14},
  doi2          = {10.1109/ESEM.2013.14},
  timestamp    = {Fri, 24 Mar 2023 00:05:00 +0100},
  biburl22       = {https://dblp.org/rec/conf/esem/PiccioniFM13.bib},
  bibsource2    = {dblp computer science bibliography, https://dblp.org}
}

@inproceedings{DBLP:conf/hcse/GrillPT12,
  author       = {Thomas Grill and
                  Ondrej Pol{\'{a}}cek and
                  Manfred Tscheligi},
  editor       = {Marco Winckler and
                  Peter Forbrig and
                  Regina Bernhaupt},
  title        = {Methods towards {API} Usability: {A} Structural Analysis of Usability
                  Problem Categories},
  booktitle    = {Human-Centered Software Engineering - 4th International Conference,
                  {HCSE} 2012, Toulouse, France, October 29-31, 2012. Proceedings},
  series       = {Lecture Notes in Computer Science},
  volume       = {7623},
  pages        = {164--180},
  publisher    = {Springer},
  year         = {2012},
  url2          = {https://doi2.org/10.1007/978-3-642-34347-6\_10},
  doi2          = {10.1007/978-3-642-34347-6\_10},
  timestamp    = {Mon, 26 Jun 2023 20:48:22 +0200},
  biburl22       = {https://dblp.org/rec/conf/hcse/GrillPT12.bib},
  bibsource2    = {dblp computer science bibliography, https://dblp.org}
}

@inproceedings{DBLP:conf/kbse/NamHMMV19,
  author       = {Daye Nam and
                  Amber Horvath and
                  Andrew Macvean and
                  Brad A. Myers and
                  Bogdan Vasilescu},
  title        = {{MARBLE:} Mining for Boilerplate Code to Identify {API} Usability
                  Problems},
  booktitle    = {34th {IEEE/ACM} International Conference on Automated Software Engineering,
                  {ASE} 2019, San Diego, CA, USA, November 11-15, 2019},
  pages        = {615--627},
  publisher    = {{IEEE}},
  year         = {2019},
  url2          = {https://doi2.org/10.1109/ASE.2019.00063},
  doi2          = {10.1109/ASE.2019.00063},
  timestamp    = {Mon, 05 Feb 2024 20:31:35 +0100},
  biburl22       = {https://dblp.org/rec/conf/kbse/NamHMMV19.bib},
  bibsource2    = {dblp computer science bibliography, https://dblp.org}
}

@inproceedings{watson2009improving,
  title={Improving software API usability through text analysis: A case study},
  author={Watson, Robert B},
  booktitle={2009 IEEE International Professional Communication Conference},
  pages={1--7},
  year={2009},
  organization={IEEE}
}

@INPROCEEDINGS{6976096,
  author={Zhu, Zixiao and Zou, Yanzhen and Xie, Bing and Jin, Yong and Lin, Zeqi and Zhang, Lu},
  booktitle={2014 IEEE International Conference on Software Maintenance and Evolution}, 
  title={Mining API Usage Examples from Test Code}, 
  year={2014},
  volume={},
  number={},
  pages={301-310},
  keywords={Arrays;Clustering algorithms;Libraries;Classification algorithms;Data mining;Web pages;API;usage example;test code;code patterns;code slicing},
  doi2={10.1109/ICSME.2014.52}
}

@article{DBLP:journals/infsof/Mosqueira-ReyAM18,
  author       = {Eduardo Mosqueira{-}Rey and
                  David Alonso{-}R{\'{\i}}os and
                  Vicente Moret{-}Bonillo and
                  Isaac Fern{\'{a}}ndez{-}Varela and
                  Diego {\'{A}}lvarez{-}Est{\'{e}}vez},
  title        = {A systematic approach to {API} usability: Taxonomy-derived criteria
                  and a case study},
  journal      = {Inf. Softw. Technol.},
  volume       = {97},
  pages        = {46--63},
  year         = {2018},
  url2          = {https://doi2.org/10.1016/j.infsof.2017.12.010},
  doi2          = {10.1016/J.INFSOF.2017.12.010},
  timestamp    = {Mon, 05 Feb 2024 20:24:16 +0100},
  biburl22       = {https://dblp.org/rec/journals/infsof/Mosqueira-ReyAM18.bib},
  bibsource2    = {dblp computer science bibliography, https://dblp.org}
}

@inproceedings{DBLP:conf/chi/FarooqWZ10,
  author       = {Umer Farooq and
                  Le{\'{o}}n Welicki and
                  Dieter Zirkler},
  editor       = {Elizabeth D. Mynatt and
                  Don Schoner and
                  Geraldine Fitzpatrick and
                  Scott E. Hudson and
                  W. Keith Edwards and
                  Tom Rodden},
  title        = {{API} usability peer reviews: a method for evaluating the usability
                  of application programming interfaces},
  booktitle    = {Proceedings of the 28th International Conference on Human Factors
                  in Computing Systems, {CHI} 2010, Atlanta, Georgia, USA, April 10-15,
                  2010},
  pages        = {2327--2336},
  publisher    = {{ACM}},
  year         = {2010},
  url2          = {https://doi2.org/10.1145/1753326.1753677},
  doi2          = {10.1145/1753326.1753677},
  timestamp    = {Fri, 12 Mar 2021 15:27:48 +0100},
  biburl22       = {https://dblp.org/rec/conf/chi/FarooqWZ10.bib},
  bibsource2    = {dblp computer science bibliography, https://dblp.org}
}

@article{mosqueira2018systematic,
  title={A systematic approach to API usability: Taxonomy-derived criteria and a case study},
  author={Mosqueira-Rey, Eduardo and Alonso-R{\'\i}os, David and Moret-Bonillo, Vicente and Fern{\'a}ndez-Varela, Isaac and {\'A}lvarez-Est{\'e}vez, Diego},
  journal={Information and Software Technology},
  volume={97},
  pages={46--63},
  year={2018},
  publisher={Elsevier}
}

@inproceedings{DBLP:conf/sigmod/ErlingALCGPPB15,
  author       = {Orri Erling and
                  Alex Averbuch and
                  Josep Llu{\'{\i}}s Larriba{-}Pey and
                  Hassan Chafi and
                  Andrey Gubichev and
                  Arnau Prat{-}P{\'{e}}rez and
                  Minh{-}Duc Pham and
                  Peter A. Boncz},
  editor       = {Timos K. Sellis and
                  Susan B. Davidson and
                  Zachary G. Ives},
  title        = {The {LDBC} Social Network Benchmark: Interactive Workload},
  booktitle    = {Proceedings of the 2015 {ACM} {SIGMOD} International Conference on
                  Management of Data, Melbourne, Victoria, Australia, May 31 - June
                  4, 2015},
  pages        = {619--630},
  publisher    = {{ACM}},
  year         = {2015},
  url2          = {https://doi2.org/10.1145/2723372.2742786},
  doi2          = {10.1145/2723372.2742786},
  timestamp    = {Thu, 10 Dec 2020 13:35:14 +0100},
  biburl22       = {https://dblp.org/rec/conf/sigmod/ErlingALCGPPB15.bib},
  bibsource2    = {dblp computer science bibliography, https://dblp.org}
}

@misc{snapnets,
  author       = {Jure Leskovec and Andrej Krevl},
  title        = {{SNAP Datasets}: {Stanford} Large Network Dataset Collection},
  howpublished = {\url{http://snap.stanford.edu/data}},
  month        = jun,
  year         = 2014
}

@inproceedings{nr,
  title = {The Network Data Repository with Interactive Graph Analytics and Visualization},
  author={Ryan A. Rossi and Nesreen K. Ahmed},
  booktitle = {AAAI},
  url2={https://networkrepository.com},
  year={2015}
}

@inproceedings{DBLP:conf/www/Kunegis13,
  author       = {J{\'{e}}r{\^{o}}me Kunegis},
  editor       = {Leslie Carr and
                  Alberto H. F. Laender and
                  Bernadette Farias L{\'{o}}scio and
                  Irwin King and
                  Marcus Fontoura and
                  Denny Vrandecic and
                  Lora Aroyo and
                  Jos{\'{e}} Palazzo M. de Oliveira and
                  Fernanda Lima and
                  Erik Wilde},
  title        = {{KONECT:} the Koblenz network collection},
  booktitle    = {22nd International World Wide Web Conference, {WWW} '13, Rio de Janeiro,
                  Brazil, May 13-17, 2013, Companion Volume},
  pages        = {1343--1350},
  publisher    = {International World Wide Web Conferences Steering Committee / {ACM}},
  year         = {2013},
  url2          = {https://doi2.org/10.1145/2487788.2488173},
  doi2          = {10.1145/2487788.2488173},
  timestamp    = {Tue, 06 Nov 2018 16:57:08 +0100},
  biburl22       = {https://dblp.org/rec/conf/www/Kunegis13.bib},
  bibsource2    = {dblp computer science bibliography, https://dblp.org}
}

@inproceedings{BoVWFI,
  author = "Paolo Boldi and Sebastiano Vigna",
  title = "The {W}eb{G}raph Framework {I}: {C}ompression Techniques",
  year = 2004,
  booktitle = "Proc. of the Thirteenth International World Wide Web Conference (WWW 2004)",
  address = "Manhattan, USA",
  pages = "595--601",
  publisher = "ACM Press"
}
@inproceedings{BRSLLP,
  author = "Paolo Boldi and Marco Rosa and Massimo Santini and Sebastiano Vigna",
  title = "Layered Label Propagation: A MultiResolution Coordinate-Free Ordering for Compressing Social Networks",
  booktitle = "Proceedings of the 20th international conference on World Wide Web",
  editor = "Sadagopan Srinivasan and Krithi Ramamritham and Arun Kumar and M. P. Ravindra and Elisa Bertino and Ravi Kumar",
  publisher = "ACM Press",
  year = 2011,
  pages = "587--596"
}

@misc{graphx,
    title = {Apache Spark GraphX},
    url = {https://spark.apache.org/graphx/}
}

@misc{gab,
    title = {Graph-Analytics-Benchmarks},
    url = {https://anonymous.4open.science/r/Graph-Analytics-Benchmarks-C144}
}

@misc{GPT-4o,
    title = {GPT-4o},
    url = {https://chatgpt.com/?model=gpt-4o},
    year = {2024}
}

@misc{Graph-Analytics-Benchmarks,
    title = {Graph-Analytics-Benchmarks},
    url = {https://github.com/Lingkai981/Graph-Analytics-Benchmarks},
    year = {2024}
}

@inproceedings{Low+al:uai10graphlab,
  title = {GraphLab: A New Parallel Framework for Machine Learning},
  author = {Yucheng Low and
            Joseph Gonzalez and
            Aapo Kyrola and
            Danny Bickson and
            Carlos Guestrin and
            Joseph M. Hellerstein},
  booktitle = {Conference on Uncertainty in Artificial Intelligence (UAI)},
  month = {July},
  year = {2010}
}

@INPROCEEDINGS{10184838,
  author={Li, Xue and Meng, Ke and Qin, Lu and Lai, Longbin and Yu, Wenyuan and Qian, Zhengping and Lin, Xuemin and Zhou, Jingren},
  booktitle={2023 IEEE 39th International Conference on Data Engineering (ICDE)}, 
  title={Flash: A Framework for Programming Distributed Graph Processing Algorithms}, 
  year={2023},
  pages={232-244},
  doi2={10.1109/ICDE55515.2023.00025}
}

@inproceedings{10.1145/3035918.3035942,
  author = {Fan, Wenfei and Xu, Jingbo and Wu, Yinghui and Yu, Wenyuan and Jiang, Jiaxin and Zheng, Zeyu and Zhang, Bohan and Cao, Yang and Tian, Chao},
  title = {Parallelizing Sequential Graph Computations},
  year = {2017},
  isbn = {9781450341974},
  publisher = {Association for Computing Machinery},
  url2 = {https://doi2.org/10.1145/3035918.3035942},
  doi2 = {10.1145/3035918.3035942},
  booktitle = {Proceedings of the 2017 ACM International Conference on Management of Data},
  pages = {495–510},
  numpages = {16},
  location = {Chicago, Illinois, USA},
  series = {SIGMOD '17}
}

@misc{pregel+,
  title={PregelPlus: A Distributed Graph Computing Framework with Effective Message Reduction},
  url2={http://www.cse.cuhk.edu.hk/pregelplus/}
}

@inproceedings{DBLP:conf/ppopp/ShunB13,
  author       = {Julian Shun and
                  Guy E. Blelloch},
  editor       = {Alex Nicolau and
                  Xiaowei Shen and
                  Saman P. Amarasinghe and
                  Richard W. Vuduc},
  title        = {Ligra: a lightweight graph processing framework for shared memory},
  booktitle    = {{ACM} {SIGPLAN} Symposium on Principles and Practice of Parallel Programming,
                  PPoPP '13, Shenzhen, China, February 23-27, 2013},
  pages        = {135--146},
  publisher    = {{ACM}},
  year         = {2013},
  url2          = {https://doi2.org/10.1145/2442516.2442530},
  doi2          = {10.1145/2442516.2442530},
  timestamp    = {Sun, 12 Jun 2022 19:46:08 +0200},
  biburl22       = {https://dblp.org/rec/conf/ppopp/ShunB13.bib},
  bibsource2    = {dblp computer science bibliography, https://dblp.org}
}

@inproceedings{pham2012s3g2,
  title={S3g2: A scalable structure-correlated social graph generator},
  author={Pham, Minh-Duc and Boncz, Peter and Erling, Orri},
  booktitle={Technology Conference on Performance Evaluation and Benchmarking},
  pages={156--172},
  year={2012},
  organization={Springer}
}

@inproceedings{erling2015ldbc,
  title={The LDBC social network benchmark: Interactive workload},
  author={Erling, Orri and Averbuch, Alex and Larriba-Pey, Josep and Chafi, Hassan and Gubichev, Andrey and Prat, Arnau and Pham, Minh-Duc and Boncz, Peter},
  booktitle={Proceedings of the 2015 ACM SIGMOD International Conference on Management of Data},
  pages={619--630},
  year={2015}
}

@inproceedings{prat2014community,
  title={How community-like is the structure of synthetically generated graphs?},
  author={Prat-P{\'e}rez, Arnau and Dominguez-Sal, David},
  booktitle={Proceedings of Workshop on GRAph Data management Experiences and Systems},
  pages={1--9},
  year={2014}
}

@inproceedings{chakrabarti2004r,
  title={R-MAT: A recursive model for graph mining},
  author={Chakrabarti, Deepayan and Zhan, Yiping and Faloutsos, Christos},
  booktitle={Proceedings of the 2004 SIAM International Conference on Data Mining},
  pages={442--446},
  year={2004},
  organization={SIAM}
}

@article{ma2008bringing,
  title={Bringing PageRank to the citation analysis},
  author={Ma, Nan and Guan, Jiancheng and Zhao, Yi},
  journal={Information Processing \& Management},
  volume={44},
  number={2},
  pages={800--810},
  year={2008},
  publisher={Elsevier}
}

@article{bundy1984breadth,
  title={Breadth-first search},
  author={Bundy, Alan and Wallen, Lincoln},
  journal={Catalogue of artificial intelligence tools},
  pages={13--13},
  year={1984},
  publisher={Springer}
}

@inproceedings{zhu2013efficient,
  title={Efficient single-source shortest path and distance queries on large graphs},
  author={Zhu, Andy Diwen and Xiao, Xiaokui and Wang, Sibo and Lin, Wenqing},
  booktitle={Proceedings of the 19th ACM SIGKDD international conference on Knowledge discovery and data mining},
  pages={998--1006},
  year={2013}
}

@article{he2016connected,
  title={Connected component model for multi-object tracking},
  author={He, Zhenyu and Li, Xin and You, Xinge and Tao, Dacheng and Tang, Yuan Yan},
  journal={IEEE transactions on image processing},
  volume={25},
  number={8},
  pages={3698--3711},
  year={2016},
  publisher={IEEE}
}

@article{garza2019community,
  title={Community detection with the label propagation algorithm: a survey},
  author={Garza, Sara E and Schaeffer, Satu Elisa},
  journal={Physica A: Statistical Mechanics and its Applications},
  volume={534},
  pages={122058},
  year={2019},
  publisher={Elsevier}
}

@article{opsahl2013triadic,
  title={Triadic closure in two-mode networks: Redefining the global and local clustering coefficients},
  author={Opsahl, Tore},
  journal={Social networks},
  volume={35},
  number={2},
  pages={159--167},
  year={2013},
  publisher={Elsevier}
}

@inproceedings{wang2009mobility,
  title={Mobility increases the connectivity of k-hop clustered wireless networks},
  author={Wang, Qingsi and Wang, Xinbing and Lin, Xiaojun},
  booktitle={Proceedings of the 15th annual international conference on Mobile computing and networking},
  pages={121--132},
  year={2009}
}

@article{schaeffer2007graph,
  title={Graph clustering},
  author={Schaeffer, Satu Elisa},
  journal={Computer science review},
  volume={1},
  number={1},
  pages={27--64},
  year={2007},
  publisher={Elsevier}
}

@article{de2016comparing,
  title={Comparing the Pearson and Spearman correlation coefficients across distributions and sample sizes: A tutorial using simulations and empirical data.},
  author={De Winter, Joost CF and Gosling, Samuel D and Potter, Jeff},
  journal={Psychological methods},
  volume={21},
  number={3},
  pages={273},
  year={2016},
  publisher={American Psychological Association}
}

@article{feldman2023trapping,
  title={Trapping llm hallucinations using tagged context prompts},
  author={Feldman, Philip and Foulds, James R and Pan, Shimei},
  journal={arXiv preprint arXiv:2306.06085},
  year={2023}
}

@inproceedings{perkovic2024hallucinations,
  title={Hallucinations in llms: Understanding and addressing challenges},
  author={Perkovi{\'c}, Gabrijela and Drobnjak, Antun and Boti{\v{c}}ki, Ivica},
  booktitle={2024 47th MIPRO ICT and Electronics Convention (MIPRO)},
  pages={2084--2088},
  year={2024},
  organization={IEEE}
}

@article{rawte2024sorry,
  title={" Sorry, Come Again?" Prompting--Enhancing Comprehension and Diminishing Hallucination with [PAUSE]-injected Optimal Paraphrasing},
  author={Rawte, Vipula and Tonmoy, SM and Zaman, SM and Priya, Prachi and Chadha, Aman and Sheth, Amit P and Das, Amitava},
  journal={arXiv preprint arXiv:2403.18976},
  year={2024}
}

@article{erdos1960evolution,
  title={On the evolution of random graphs},
  author={Erdos, Paul and R{\'e}nyi, Alfr{\'e}d and others},
  journal={Publ. math. inst. hung. acad. sci},
  volume={5},
  number={1},
  pages={17--60},
  year={1960}
}

@article{watts1998collective,
  title={Collective dynamics of ‘small-world’networks},
  author={Watts, Duncan J and Strogatz, Steven H},
  journal={nature},
  volume={393},
  number={6684},
  pages={440--442},
  year={1998},
  publisher={Nature Publishing Group}
}

@article{barabasi1999emergence,
  title={Emergence of scaling in random networks},
  author={Barab{\'a}si, Albert-L{\'a}szl{\'o} and Albert, R{\'e}ka},
  journal={science},
  volume={286},
  number={5439},
  pages={509--512},
  year={1999},
  publisher={American Association for the Advancement of Science}
}

@article{murphy2010introducing,
  title={Introducing the graph 500},
  author={Murphy, Richard C and Wheeler, Kyle B and Barrett, Brian W and Ang, James A},
  journal={Cray Users Group (CUG)},
  volume={19},
  number={45-74},
  pages={22},
  year={2010}
}

@article{lancichinetti2008benchmark,
  title={Benchmark graphs for testing community detection algorithms},
  author={Lancichinetti, Andrea and Fortunato, Santo and Radicchi, Filippo},
  journal={Physical Review E—Statistical, Nonlinear, and Soft Matter Physics},
  volume={78},
  number={4},
  pages={046110},
  year={2008},
  publisher={APS}
}

@techreport{hagberg2008exploring,
  title={Exploring network structure, dynamics, and function using NetworkX},
  author={Hagberg, Aric and Swart, Pieter J and Schult, Daniel A},
  year={2008},
  institution={Los Alamos National Laboratory (LANL), Los Alamos, NM (United States)}
}

@misc{neo4j-apoc,
    title = {Neo4j-APOC},
    url = {https://github.com/neo4j/apoc}
}

@inproceedings{jin2012lbsnrank,
  title={Lbsnrank: personalized pagerank on location-based social networks},
  author={Jin, Zhaoyan and Shi, Dianxi and Wu, Quanyuan and Yan, Huining and Fan, Hua},
  booktitle={Proceedings of the 2012 ACM Conference on Ubiquitous Computing},
  pages={980--987},
  year={2012}
}

@article{yin2019signed,
  title={Signed-PageRank: An efficient influence maximization framework for signed social networks},
  author={Yin, Xiaoyan and Hu, Xiao and Chen, Yanjiao and Yuan, Xu and Li, Baochun},
  journal={IEEE Transactions on Knowledge and Data Engineering},
  volume={33},
  number={5},
  pages={2208--2222},
  year={2019},
  publisher={IEEE}
}

@article{wang2024efficient,
  title={Efficient Betweenness Centrality Computation over Large Heterogeneous Information Networks},
  author={Wang, Xinrui and Wang, Yiran and Lin, Xuemin and Yu, Jeffrey Xu and Gao, Hong and Cheng, Xiuzhen and Yu, Dongxiao},
  journal={Proceedings of the VLDB Endowment},
  volume={17},
  number={11},
  pages={3360--3372},
  year={2024},
  publisher={VLDB Endowment}
}

@article{kourtellis2013identifying,
  title={Identifying high betweenness centrality nodes in large social networks},
  author={Kourtellis, Nicolas and Alahakoon, Tharaka and Simha, Ramanuja and Iamnitchi, Adriana and Tripathi, Rahul},
  journal={Social Network Analysis and Mining},
  volume={3},
  pages={899--914},
  year={2013},
  publisher={Springer}
}

@article{azaouzi2017evidential,
  title={An evidential influence-based label propagation algorithm for distributed community detection in social networks},
  author={Azaouzi, Mehdi and Romdhane, Lotfi Ben},
  journal={Procedia computer science},
  volume={112},
  pages={407--416},
  year={2017},
  publisher={Elsevier}
}

@article{ouyang2020clique,
  title={Clique-based method for social network clustering},
  author={Ouyang, Guang and Dey, Dipak K and Zhang, Panpan},
  journal={Journal of Classification},
  volume={37},
  number={1},
  pages={254--274},
  year={2020},
  publisher={Springer}
}

@article{gao2022mebc,
  title={MEBC: social network immunization via motif-based edge-betweenness centrality},
  author={Gao, Kuang and Yuan, Guocai and Yang, Yang and Fan, Ying and Hu, Wenbin},
  journal={Knowledge and Information Systems},
  volume={64},
  number={5},
  pages={1263--1281},
  year={2022},
  publisher={Springer}
}

@article{malliaros2020core,
  title={The core decomposition of networks: Theory, algorithms and applications},
  author={Malliaros, Fragkiskos D and Giatsidis, Christos and Papadopoulos, Apostolos N and Vazirgiannis, Michalis},
  journal={The VLDB Journal},
  volume={29},
  number={1},
  pages={61--92},
  year={2020},
  publisher={Springer}
}

@article{wang1998stochastic,
  title={Stochastic relaxation on partitions with connected components and its application to image segmentation},
  author={Wang, Jia-Ping},
  journal={IEEE Transactions on Pattern Analysis and Machine Intelligence},
  volume={20},
  number={6},
  pages={619--636},
  year={1998},
  publisher={IEEE}
}

@article{trevor2013efficient,
  title={Efficient organized point cloud segmentation with connected components},
  author={Trevor, AJ and Gedikli, Suat and Rusu, Radu B and Christensen, Henrik I},
  journal={Semantic Perception Mapping and Exploration (SPME)},
  volume={1},
  year={2013}
}

@inproceedings{vernaza2017learning,
  title={Learning random-walk label propagation for weakly-supervised semantic segmentation},
  author={Vernaza, Paul and Chandraker, Manmohan},
  booktitle={Proceedings of the IEEE conference on computer vision and pattern recognition},
  pages={7158--7166},
  year={2017}
}

@inproceedings{mustikovela2016can,
  title={Can ground truth label propagation from video help semantic segmentation?},
  author={Mustikovela, Siva Karthik and Yang, Michael Ying and Rother, Carsten},
  booktitle={European Conference on Computer Vision},
  pages={804--820},
  year={2016},
  organization={Springer}
}

@article{ivan2011web,
  title={When the Web meets the cell: using personalized PageRank for analyzing protein interaction networks},
  author={Iv{\'a}n, G{\'a}bor and Grolmusz, Vince},
  journal={Bioinformatics},
  volume={27},
  number={3},
  pages={405--407},
  year={2011},
  publisher={Oxford University Press}
}

@inproceedings{buriol2006counting,
  title={Counting triangles in data streams},
  author={Buriol, Luciana S and Frahling, Gereon and Leonardi, Stefano and Marchetti-Spaccamela, Alberto and Sohler, Christian},
  booktitle={Proceedings of the twenty-fifth ACM SIGMOD-SIGACT-SIGART symposium on Principles of database systems},
  pages={253--262},
  year={2006}
}

@article{carullo2015triadic,
  title={A triadic closure and homophily-based recommendation system for online social networks},
  author={Carullo, Giuliana and Castiglione, Aniello and De Santis, Alfredo and Palmieri, Francesco},
  journal={World Wide Web},
  volume={18},
  pages={1579--1601},
  year={2015},
  publisher={Springer}
}

@inproceedings{berry2004emergent,
  title={Emergent clique formation in terrorist recruitment},
  author={Berry, Nina and Ko, Teresa and Moy, Tim and Smrcka, Julienne and Turnley, Jessica and Wu, Ben},
  booktitle={The AAAI-04 Workshop on Agent Organizations: Theory and Practice},
  pages={1198--1208},
  year={2004}
}

@article{li2022adaptive,
  title={Adaptive label propagation for group anomaly detection in large-scale networks},
  author={Li, Zhao and Chen, Xia and Song, Junshuai and Gao, Jun},
  journal={IEEE Transactions on Knowledge and Data Engineering},
  volume={35},
  number={12},
  pages={12053--12067},
  year={2022},
  publisher={IEEE}
}


@article{caramia2006mining,
  title={Mining relevant information on the Web: a clique-based approach},
  author={Caramia, Massimiliano and Felici, Giovanni},
  journal={International Journal of Production Research},
  volume={44},
  number={14},
  pages={2771--2787},
  year={2006},
  publisher={Taylor \& Francis}
}

@article{wu2016link,
  title={Link prediction with node clustering coefficient},
  author={Wu, Zhihao and Lin, Youfang and Wang, Jing and Gregory, Steve},
  journal={Physica A: Statistical Mechanics and its Applications},
  volume={452},
  pages={1--8},
  year={2016},
  publisher={Elsevier}
}

@article{lee1961algorithm,
  title={An algorithm for path connections and its applications},
  author={Lee, Chin Yang},
  journal={IRE transactions on electronic computers},
  number={3},
  pages={346--365},
  year={1961},
  publisher={IEEE}
}

@article{hopcroft1973algorithm,
  title={Algorithm 447: efficient algorithms for graph manipulation},
  author={Hopcroft, John and Tarjan, Robert},
  journal={Communications of the ACM},
  volume={16},
  number={6},
  pages={372--378},
  year={1973},
  publisher={ACM New York, NY, USA}
}

@article{tarjan1984worst,
  title={Worst-case analysis of set union algorithms},
  author={Tarjan, Robert E and Van Leeuwen, Jan},
  journal={Journal of the ACM (JACM)},
  volume={31},
  number={2},
  pages={245--281},
  year={1984},
  publisher={ACM New York, NY, USA}
}

@article{raghavan2007near,
  title={Near linear time algorithm to detect community structures in large-scale networks},
  author={Raghavan, Usha Nandini and Albert, R{\'e}ka and Kumara, Soundar},
  journal={Physical Review E—Statistical, Nonlinear, and Soft Matter Physics},
  volume={76},
  number={3},
  pages={036106},
  year={2007},
  publisher={APS}
}

@article{holland1971transitivity,
  title={Transitivity in structural models of small groups},
  author={Holland, Paul W and Leinhardt, Samuel},
  journal={Comparative group studies},
  volume={2},
  number={2},
  pages={107--124},
  year={1971},
  publisher={Sage Publications Sage CA: Thousand Oaks, CA}
}

@inproceedings{yan2024systems,
  title={Systems for Scalable Graph Analytics and Machine Learning: Trends and Methods},
  author={Yan, Da and Yuan, Lyuheng and Ahmad, Akhlaque and Zheng, Chenguang and Chen, Hongzhi and Cheng, James},
  booktitle={Proceedings of the 30th ACM SIGKDD Conference on Knowledge Discovery and Data Mining},
  pages={6627--6632},
  year={2024}
}

@article{yan2017big,
  title={Big graph analytics platforms},
  author={Yan, Da and Bu, Yingyi and Tian, Yuanyuan and Deshpande, Amol and others},
  journal={Foundations and Trends{\textregistered} in Databases},
  volume={7},
  number={1-2},
  pages={1--195},
  year={2017},
  publisher={Now Publishers, Inc.}
}

@article{yan2014blogel,
  title={Blogel: A block-centric framework for distributed computation on real-world graphs},
  author={Yan, Da and Cheng, James and Lu, Yi and Ng, Wilfred},
  journal={Proceedings of the VLDB Endowment},
  volume={7},
  number={14},
  pages={1981--1992},
  year={2014},
  publisher={VLDB Endowment}
}

@inproceedings{fan2017grape,
  title={GRAPE: Parallelizing sequential graph computations},
  author={Fan, Wenfei and Xu, Jingbo and Wu, Yinghui and Yu, Wenyuan and Jiang, Jiaxin},
  booktitle={43rd International Conference on Very Large Data Bases},
  pages={1889--1892},
  year={2017},
  organization={Very Large Data Base Endowment Inc.}
}

@article{mccune2015thinking,
  title={Thinking like a vertex: A survey of vertex-centric frameworks for large-scale distributed graph processing},
  author={McCune, Robert Ryan and Weninger, Tim and Madey, Greg},
  journal={ACM Computing Surveys (CSUR)},
  volume={48},
  number={2},
  pages={1--39},
  year={2015},
  publisher={ACM New York, NY, USA}
}

@inproceedings{malewicz2010pregel,
  title={Pregel: a system for large-scale graph processing},
  author={Malewicz, Grzegorz and Austern, Matthew H and Bik, Aart JC and Dehnert, James C and Horn, Ilan and Leiser, Naty and Czajkowski, Grzegorz},
  booktitle={Proceedings of the 2010 ACM SIGMOD International Conference on Management of data},
  pages={135--146},
  year={2010}
}

@inproceedings{stutz2010signal,
  title={Signal/collect: graph algorithms for the (semantic) web},
  author={Stutz, Philip and Bernstein, Abraham and Cohen, William},
  booktitle={The Semantic Web--ISWC 2010: 9th International Semantic Web Conference, ISWC 2010, Shanghai, China, November 7-11, 2010, Revised Selected Papers, Part I 9},
  pages={764--780},
  year={2010},
  organization={Springer}
}

@inproceedings{roy2013x,
  title={X-stream: Edge-centric graph processing using streaming partitions},
  author={Roy, Amitabha and Mihailovic, Ivo and Zwaenepoel, Willy},
  booktitle={Proceedings of the Twenty-Fourth ACM Symposium on Operating Systems Principles},
  pages={472--488},
  year={2013}
}

@inproceedings{kyrola2012graphchi,
  title={$\{$GraphChi$\}$:$\{$Large-Scale$\}$ graph computation on just a $\{$PC$\}$},
  author={Kyrola, Aapo and Blelloch, Guy and Guestrin, Carlos},
  booktitle={10th USENIX symposium on operating systems design and implementation (OSDI 12)},
  pages={31--46},
  year={2012}
}

@inproceedings{roy2015chaos,
  title={Chaos: Scale-out graph processing from secondary storage},
  author={Roy, Amitabha and Bindschaedler, Laurent and Malicevic, Jasmina and Zwaenepoel, Willy},
  booktitle={Proceedings of the 25th Symposium on Operating Systems Principles},
  pages={410--424},
  year={2015}
}

@article{valiant1990bridging,
  title={A bridging model for parallel computation},
  author={Valiant, Leslie G},
  journal={Communications of the ACM},
  volume={33},
  number={8},
  pages={103--111},
  year={1990},
  publisher={ACM New York, NY, USA}
}

@inproceedings{teixeira2015arabesque,
  title={Arabesque: a system for distributed graph mining},
  author={Teixeira, Carlos HC and Fonseca, Alexandre J and Serafini, Marco and Siganos, Georgos and Zaki, Mohammed J and Aboulnaga, Ashraf},
  booktitle={Proceedings of the 25th Symposium on Operating Systems Principles},
  pages={425--440},
  year={2015}
}

@inproceedings{dias2019fractal,
  title={Fractal: A general-purpose graph pattern mining system},
  author={Dias, Vinicius and Teixeira, Carlos HC and Guedes, Dorgival and Meira, Wagner and Parthasarathy, Srinivasan},
  booktitle={Proceedings of the 2019 International Conference on Management of Data},
  pages={1357--1374},
  year={2019}
}

@inproceedings{mawhirter2019automine,
  title={Automine: harmonizing high-level abstraction and high performance for graph mining},
  author={Mawhirter, Daniel and Wu, Bo},
  booktitle={Proceedings of the 27th ACM Symposium on Operating Systems Principles},
  pages={509--523},
  year={2019}
}

@inproceedings{jamshidi2020peregrine,
  title={Peregrine: a pattern-aware graph mining system},
  author={Jamshidi, Kasra and Mahadasa, Rakesh and Vora, Keval},
  booktitle={Proceedings of the Fifteenth European Conference on Computer Systems},
  pages={1--16},
  year={2020}
}

@inproceedings{yan2020g,
  title={G-thinker: A distributed framework for mining subgraphs in a big graph},
  author={Yan, Da and Guo, Guimu and Chowdhury, Md Mashiur Rahman and {\"O}zsu, M Tamer and Ku, Wei-Shinn and Lui, John CS},
  booktitle={2020 IEEE 36th International Conference on Data Engineering (ICDE)},
  pages={1369--1380},
  year={2020},
  organization={IEEE}
}

@article{mcpherson2001birds,
  title={Birds of a feather: Homophily in social networks},
  author={McPherson, Miller and Smith-Lovin, Lynn and Cook, James M},
  journal={Annual review of sociology},
  volume={27},
  number={1},
  pages={415--444},
  year={2001},
  publisher={Annual Reviews 4139 El Camino Way, PO Box 10139, Palo Alto, CA 94303-0139, USA}
}

@inproceedings{qin2014scalable,
  title={Scalable big graph processing in mapreduce},
  author={Qin, Lu and Yu, Jeffrey Xu and Chang, Lijun and Cheng, Hong and Zhang, Chengqi and Lin, Xuemin},
  booktitle={Proceedings of the 2014 ACM SIGMOD international conference on Management of data},
  pages={827--838},
  year={2014}
}

@inproceedings{rastogi2013finding,
  title={Finding connected components in map-reduce in logarithmic rounds},
  author={Rastogi, Vibhor and Machanavajjhala, Ashwin and Chitnis, Laukik and Sarma, Anish Das},
  booktitle={2013 IEEE 29th International Conference on Data Engineering (ICDE)},
  pages={50--61},
  year={2013},
  organization={IEEE}
}

@article{vishkin1982log,
  title={An o (log n) parallel connectivityalgorithm},
  author={Vishkin, Y Shiloachand U and Shiloach, Y},
  journal={J. algorithms},
  volume={3},
  pages={57--67},
  year={1982}
}

@inproceedings{forster2018faster,
  title={A faster distributed single-source shortest paths algorithm},
  author={Forster, Sebastian and Nanongkai, Danupon},
  booktitle={2018 IEEE 59th Annual Symposium on Foundations of Computer Science (FOCS)},
  pages={686--697},
  year={2018},
  organization={IEEE}
}

@inproceedings{nanongkai2014distributed,
  title={Distributed approximation algorithms for weighted shortest paths},
  author={Nanongkai, Danupon},
  booktitle={Proceedings of the forty-sixth annual ACM symposium on Theory of computing},
  pages={565--573},
  year={2014}
}

@article{xie2007measuring,
  title={Measuring the structure of road networks},
  author={Xie, Feng and Levinson, David},
  journal={Geographical analysis},
  volume={39},
  number={3},
  pages={336--356},
  year={2007},
  publisher={Wiley Online Library}
}

@article{wiedemann2000automatic,
  title={Automatic completion and evaluation of road networks},
  author={Wiedemann, Christian and Ebner, Heinrich},
  journal={International Archives of Photogrammetry and Remote Sensing},
  volume={33},
  number={B3/2; PART 3},
  pages={979--986},
  year={2000},
  publisher={INTERNATIONAL SOCIETY FOR PHOTOGRAMMETRY \& REMOTE}
}

@article{li2010betweenness,
  title={Betweenness centrality analysis for urban road networks},
  author={LI, Qingquan and ZENG, Zhe and YANG, Bisheng and others},
  journal={Geomatics and Information Science of Wuhan University},
  volume={35},
  number={1},
  pages={37--41},
  year={2010}
}

@inproceedings{kazerani2009can,
  title={Can betweenness centrality explain traffic flow},
  author={Kazerani, Aisan and Winter, Stephan},
  booktitle={12th AGILE international conference on geographic information science},
  pages={1--9},
  year={2009},
  organization={Germany: Leibniz Universit{\"a}t Hannover}
}